%% This BibTeX bibliography file was created using BibDesk.
%% https://bibdesk.sourceforge.io/

%% Created for Kyle Roberts at 2018-10-26 17:00:36 +0200 


%% Saved with string encoding Unicode (UTF-8) 



@electronic{Bran2016,
	Author = {Lee Bran},
	Date-Added = {2018-10-26 14:56:57 +0000},
	Date-Modified = {2018-10-26 14:59:47 +0000},
	Title = {Water Pressure explained},
	Url = {https://www.google.com/url?q=http://www.blockbusterdrain.co.za/water-press.htm&sa=D&ust=1540567030950000&usg=AFQjCNHGCCdsMJ78o7SFrWrph16BY5hCHg},
	Urldate = {26 October 2016},
	Year = {2018}}

@booklet{NHA2003,
	Author = {Rand Water},
	Date-Added = {2018-10-26 14:48:29 +0000},
	Date-Modified = {2018-10-26 14:56:21 +0000},
	Howpublished = {Website},
	Title = {Grey water Guidelines for Home Gardens in Gauteng},
	Year = {2018}}

@article{Sithole2014,
	Author = {Sithole, Biesheuvel, Dune, Kuhlmann},
	Date-Added = {2018-10-26 08:25:14 +0000},
	Date-Modified = {2018-10-26 08:27:58 +0000},
	Journal = {Rhodes University},
	Title = {Waste Generation of Households},
	Year = {2014}}

@electronic{GWA2018,
	Author = {Grey Water Action},
	Date-Added = {2018-10-24 10:02:35 +0000},
	Date-Modified = {2018-10-24 10:04:16 +0000},
	Title = {About grey water use},
	Urldate = {2018}}

@electronic{Fischer2012,
	Author = {Georg Fischer},
	Date-Added = {2018-10-24 07:39:08 +0000},
	Date-Modified = {2018-10-24 07:41:31 +0000},
	Title = {Life Cycle Assessments of Plastic Pipe Systems in the Field of Utility and Building Technology},
	Urldate = {2012}}
